<record><leader>00000cas a22000007a 4500</leader><controlfield tag="001">19527916</controlfield><controlfield tag="008">890410d19301953ndudr ne      0    0eng d</controlfield><datafield ind1=" " ind2=" " tag="010"><subfield code="a">sn 88076273 </subfield></datafield><datafield ind1=" " ind2=" " tag="040"><subfield code="a">NOP</subfield><subfield code="b">eng</subfield><subfield code="c">NOP</subfield><subfield code="d">OCLCQ</subfield></datafield><datafield ind1=" " ind2=" " tag="042"><subfield code="a">msc</subfield></datafield><datafield ind1="0" ind2=" " tag="130"><subfield code="a">Williston daily herald (Williston, N.D. : 1930)</subfield></datafield><datafield ind1="1" ind2="4" tag="245"><subfield code="a">The Williston daily herald.</subfield></datafield><datafield ind1="1" ind2="3" tag="246"><subfield code="a">Williston daily herald and weekly herald</subfield></datafield><datafield ind1="1" ind2="3" tag="246"><subfield code="a">Twice-a-week herald (Williston, N.D.)</subfield></datafield><datafield ind1="1" ind2="3" tag="246"><subfield code="a">Twice-a-week herald and weekly herald</subfield></datafield><datafield ind1=" " ind2=" " tag="260"><subfield code="a">Williston, N.D. :</subfield><subfield code="b">Williston Herald Co.</subfield></datafield><datafield ind1=" " ind2=" " tag="300"><subfield code="a">v. :</subfield><subfield code="b">ill. ;</subfield><subfield code="c">44-56 cm.</subfield></datafield><datafield ind1=" " ind2=" " tag="310"><subfield code="a">Daily</subfield></datafield><datafield ind1="1" ind2=" " tag="362"><subfield code="a">Began Oct. 14, 1930.</subfield></datafield><datafield ind1="0" ind2=" " tag="362"><subfield code="a">-v. 54, no. 297 (Aug. 13, 1953).</subfield></datafield><datafield ind1=" " ind2=" " tag="500"><subfield code="a">Title varies: Oct. 14, 1930-Apr. 4, 1935, The Williston daily herald; Apr. 5-May 29, 1935, The Williston daily herald and weekly herald; May 31, 1935-Aug. 13, 1953, The Williston daily herald.</subfield></datafield><datafield ind1=" " ind2=" " tag="500"><subfield code="a">Tuesday and Thursday issues, Apr. 2-4, 1935, entitled: The twice-a-week herald; Apr. 9-May 9, 1935, The twice-a-week herald and weekly herald. Sent out as a semiweekly mail edition.</subfield></datafield><datafield ind1=" " ind2=" " tag="515"><subfield code="a">Daily edition picked up volume numbering of the weekly edition beginning Apr. 5, 1935.</subfield></datafield><datafield ind1=" " ind2=" " tag="530"><subfield code="a">Available on microfilm from the State Historical Society of North Dakota.</subfield></datafield><datafield ind1=" " ind2=" " tag="588"><subfield code="a">Description based on: Vol. 5, no. 69 (Feb. 7, 1935).</subfield></datafield><datafield ind1=" " ind2=" " tag="752"><subfield code="a">United States</subfield><subfield code="b">North Dakota</subfield><subfield code="c">Williams</subfield><subfield code="d">Williston.</subfield></datafield><datafield ind1="0" ind2=" " tag="775"><subfield code="t">Williston herald (Williston, N.D. : Weekly)</subfield><subfield code="w">(DLC)sn 88076272</subfield></datafield><datafield ind1="0" ind2="5" tag="780"><subfield code="t">Williston herald (Williston, N.D. : Weekly)</subfield><subfield code="w">(DLC)sn 88076272</subfield></datafield><datafield ind1="0" ind2="0" tag="785"><subfield code="t">Williston herald (Williston, N.D. : Daily : 1953)</subfield><subfield code="w">(DLC)sn 88076274</subfield></datafield><datafield ind1="1" ind2=" " tag="029"><subfield code="a">AU@</subfield><subfield code="b">000025837010</subfield></datafield></record>